\bibitem{OR-lib}
OR-Library. Dispon√≠vel em: \url{http://people.brunel.ac.uk/~mastjjb/jeb/orlib/files/}


